<?xml version = "1.0" encoding = "UTF-8"?><record>
  <leader>02072nam#a2200505#c#4500</leader>
  <controlfield tag="005">20210409113425.0</controlfield>
  <controlfield tag="007">cr#|||||||||||</controlfield>
  <controlfield tag="008">161111|2004####gw######o#####|||#|#ger#c</controlfield>
  <controlfield tag="003">DE-605</controlfield>
  <controlfield tag="001">990214115150206441</controlfield>
  <datafield tag="024" ind1="7" ind2=" ">
    <subfield code="a">urn:nbn:de:hbz:929:02-edoweb:70052615</subfield>
    <subfield code="2">urn</subfield>
  </datafield>
  <datafield tag="035" ind1=" " ind2=" ">
    <subfield code="a">(DE-605)HT019149667</subfield>
  </datafield>
  <datafield tag="040" ind1=" " ind2=" ">
    <subfield code="a">929</subfield>
    <subfield code="b">ger</subfield>
    <subfield code="d">929</subfield>
    <subfield code="e">rda</subfield>
  </datafield>
  <datafield tag="041" ind1=" " ind2=" ">
    <subfield code="a">ger</subfield>
  </datafield>
  <datafield tag="044" ind1=" " ind2=" ">
    <subfield code="c">XA-DE</subfield>
  </datafield>
  <datafield tag="082" ind1="0" ind2=" ">
    <subfield code="a">360</subfield>
  </datafield>
  <datafield tag="084" ind1=" " ind2=" ">
    <subfield code="a">rpb524010</subfield>
    <subfield code="2">rpb</subfield>
  </datafield>
  <datafield tag="084" ind1=" " ind2=" ">
    <subfield code="a">rpbr_99_o11100000_</subfield>
    <subfield code="2">rpb</subfield>
  </datafield>
  <datafield tag="084" ind1=" " ind2=" ">
    <subfield code="a">600</subfield>
    <subfield code="2">rpb</subfield>
  </datafield>
  <datafield tag="084" ind1=" " ind2=" ">
    <subfield code="a">630</subfield>
    <subfield code="2">rpb</subfield>
  </datafield>
  <datafield tag="084" ind1=" " ind2=" ">
    <subfield code="a">106</subfield>
    <subfield code="2">rpb</subfield>
  </datafield>
  <datafield tag="084" ind1=" " ind2=" ">
    <subfield code="a">130</subfield>
    <subfield code="2">rpb</subfield>
  </datafield>
  <datafield tag="084" ind1=" " ind2=" ">
    <subfield code="a">131</subfield>
    <subfield code="2">rpb</subfield>
  </datafield>
  <datafield tag="084" ind1=" " ind2=" ">
    <subfield code="a">139</subfield>
    <subfield code="2">rpb</subfield>
  </datafield>
  <datafield tag="245" ind1="0" ind2="0">
    <subfield code="a">Pflegeeltern sein - eine Aufgabe f&#252;r Sie?</subfield>
    <subfield code="b">eine Brosch&#252;re f&#252;r Pflegeeltern und solche, die es werden m&#246;chten : ... damit Kinder die Gewinner sind</subfield>
    <subfield code="c">Herausgeber: Landesamt f&#252;r Soziales, Jugend und Versorgung ; Text und Redaktion: Horst B&#246;ning (KV Mayen-Koblenz), Elke Gr&#252;n (LSJV - LJA), Peter Krauthausen (LSJV - LJA), Katharina Rothenbacher-Dostert (StV Kaiserslautern), Anne Scherr-Schmitt (SkF Trier)</subfield>
  </datafield>
  <datafield tag="250" ind1=" " ind2=" ">
    <subfield code="a">2. Auflage</subfield>
  </datafield>
  <datafield tag="264" ind1=" " ind2="1">
    <subfield code="a">Mainz</subfield>
    <subfield code="b">Rheinland-Pfalz, Landesamt f&#252;r Soziales, Jugend und Versorgung - Landesjugendamt</subfield>
    <subfield code="c">1. Dezember 2004</subfield>
  </datafield>
  <datafield tag="300" ind1=" " ind2=" ">
    <subfield code="a">1 Online-Ressource (35 Seiten)</subfield>
    <subfield code="b">Illustrationen</subfield>
  </datafield>
  <datafield tag="336" ind1=" " ind2=" ">
    <subfield code="b">txt</subfield>
  </datafield>
  <datafield tag="337" ind1=" " ind2=" ">
    <subfield code="b">n</subfield>
  </datafield>
  <datafield tag="338" ind1=" " ind2=" ">
    <subfield code="b">nc</subfield>
  </datafield>
  <datafield tag="347" ind1=" " ind2=" ">
    <subfield code="a">Textdatei</subfield>
    <subfield code="b">PDF</subfield>
    <subfield code="c">366 KB</subfield>
  </datafield>
  <datafield tag="655" ind1=" " ind2="7">
    <subfield code="a">Ratgeber</subfield>
    <subfield code="0">(DE-588)4048476-2</subfield>
    <subfield code="2">gnd-content</subfield>
  </datafield>
  <datafield tag="655" ind1=" " ind2="4">
    <subfield code="a">Amtliche Publikation</subfield>
    <subfield code="0">4142300-8</subfield>
  </datafield>
  <datafield tag="689" ind1="0" ind2="0">
    <subfield code="a">Rheinland-Pfalz</subfield>
    <subfield code="D">g</subfield>
    <subfield code="0">(DE-588)4049795-1</subfield>
    <subfield code="0">(uri) https://portal.dnb.de/opac.htm?method=simpleSearch&amp;cqlMode=true&amp;query=idn=04049795X</subfield>
    <subfield code="0">(uri) http://viaf.org/viaf/sourceID/DNB|04049795X</subfield>
    <subfield code="B">GND-04049795X</subfield>
  </datafield>
  <datafield tag="689" ind1="0" ind2="1">
    <subfield code="a">Pflegeeltern</subfield>
    <subfield code="D">s</subfield>
    <subfield code="0">(DE-588)4045612-2</subfield>
    <subfield code="0">(uri) https://portal.dnb.de/opac.htm?method=simpleSearch&amp;cqlMode=true&amp;query=idn=040456129</subfield>
    <subfield code="0">(uri) http://viaf.org/viaf/sourceID/DNB|040456129</subfield>
    <subfield code="B">GND-040456129</subfield>
  </datafield>
  <datafield tag="700" ind1="1" ind2=" ">
    <subfield code="a">B&#246;ning, Horst</subfield>
    <subfield code="4">edt</subfield>
    <subfield code="4">aut</subfield>
  </datafield>
  <datafield tag="710" ind1="2" ind2=" ">
    <subfield code="a">Rheinland-Pfalz</subfield>
    <subfield code="b">Landesamt f&#252;r Soziales, Jugend und Versorgung</subfield>
    <subfield code="0">(DE-588)5198400-3</subfield>
    <subfield code="4">isb</subfield>
    <subfield code="0">(uri) https://portal.dnb.de/opac.htm?method=simpleSearch&amp;cqlMode=true&amp;query=idn=950254126</subfield>
    <subfield code="0">(uri) http://viaf.org/viaf/sourceID/DNB|950254126</subfield>
    <subfield code="B">GND-950254126</subfield>
  </datafield>
  <datafield tag="856" ind1="4" ind2="0">
    <subfield code="u">https://www.edoweb-rlp.de/resource/edoweb:7005261</subfield>
    <subfield code="x">Archivierte Online-Ressource</subfield>
  </datafield>
  <datafield tag="856" ind1="4" ind2=" ">
    <subfield code="z">Archivierte Online-Ressource</subfield>
    <subfield code="x">kostenfrei</subfield>
    <subfield code="z">Langzeitarchivierung</subfield>
  </datafield>
  <datafield tag="960" ind1="1" ind2=" ">
    <subfield code="r">929: edoweb</subfield>
  </datafield>
  <datafield tag="964" ind1="0" ind2="s">
    <subfield code="F">030</subfield>
    <subfield code="A">a|1ur||||||37</subfield>
  </datafield>
  <datafield tag="964" ind1="0" ind2="s">
    <subfield code="F">050</subfield>
    <subfield code="A">||||||||g|||||</subfield>
  </datafield>
  <datafield tag="964" ind1="0" ind2="s">
    <subfield code="F">051</subfield>
    <subfield code="A">m|||||||</subfield>
  </datafield>
  <datafield tag="035" ind1=" " ind2=" ">
    <subfield code="a">(DE-599)HBZHT019149667</subfield>
  </datafield>
  <datafield tag="MBD" ind1=" " ind2=" ">
    <subfield code="M">49HBZ_NETWORK</subfield>
    <subfield code="i">990214115150206441</subfield>
    <subfield code="n">HBZ Network</subfield>
  </datafield>
  <datafield tag="MNG" ind1=" " ind2=" ">
    <subfield code="c">System</subfield>
    <subfield code="f">ILS</subfield>
    <subfield code="i">marc21</subfield>
    <subfield code="k">01</subfield>
    <subfield code="e">false</subfield>
    <subfield code="d">2021-04-09 11:34:25 Europe/Berlin</subfield>
    <subfield code="g">021411515-HBZ01</subfield>
    <subfield code="j">60</subfield>
    <subfield code="a">import</subfield>
    <subfield code="b">2021-04-06 01:54:24 Europe/Berlin</subfield>
  </datafield>
  <datafield tag="GSI" ind1="7" ind2=" ">
    <subfield code="a">http://d-nb.info/gnd/4045612-2</subfield>
    <subfield code="2">uri</subfield>
    <subfield code="A">GND</subfield>
    <subfield code="B">GND-040456129</subfield>
    <subfield code="C">024</subfield>
  </datafield>
  <datafield tag="GSI" ind1="7" ind2=" ">
    <subfield code="a">4049795-1</subfield>
    <subfield code="0">http://d-nb.info/gnd/4049795-1</subfield>
    <subfield code="2">gnd</subfield>
    <subfield code="A">GND</subfield>
    <subfield code="B">GND-04049795X</subfield>
    <subfield code="C">024</subfield>
  </datafield>
  <datafield tag="GGN" ind1=" " ind2=" ">
    <subfield code="a">Rhineland-Palatinate</subfield>
    <subfield code="A">GND</subfield>
    <subfield code="B">GND-04049795X</subfield>
    <subfield code="C">451</subfield>
  </datafield>
  <datafield tag="GGN" ind1=" " ind2=" ">
    <subfield code="a">Rh&#233;nanie-Palatinat</subfield>
    <subfield code="A">GND</subfield>
    <subfield code="B">GND-04049795X</subfield>
    <subfield code="C">451</subfield>
  </datafield>
  <datafield tag="GGN" ind1=" " ind2=" ">
    <subfield code="a">Renania-Palatinado</subfield>
    <subfield code="A">GND</subfield>
    <subfield code="B">GND-04049795X</subfield>
    <subfield code="C">451</subfield>
  </datafield>
  <datafield tag="GGN" ind1=" " ind2=" ">
    <subfield code="a">Rheinland Pfalz</subfield>
    <subfield code="A">GND</subfield>
    <subfield code="B">GND-04049795X</subfield>
    <subfield code="C">451</subfield>
  </datafield>
  <datafield tag="GGN" ind1=" " ind2=" ">
    <subfield code="a">RP</subfield>
    <subfield code="4">abku</subfield>
    <subfield code="4">https://d-nb.info/standards/elementset/gnd#abbreviatedNameForThePlaceOrGeographicName</subfield>
    <subfield code="w">r</subfield>
    <subfield code="i">Abkuerzung</subfield>
    <subfield code="A">GND</subfield>
    <subfield code="B">GND-04049795X</subfield>
    <subfield code="C">451</subfield>
  </datafield>
  <datafield tag="GKT" ind1="2" ind2=" ">
    <subfield code="a">Landesamt fu&#776;r Soziales, Jugend und Versorgung</subfield>
    <subfield code="g">Rheinland-Pfalz</subfield>
    <subfield code="A">GND</subfield>
    <subfield code="B">GND-950254126</subfield>
    <subfield code="C">410</subfield>
  </datafield>
  <datafield tag="GKT" ind1="1" ind2=" ">
    <subfield code="a">Rheinland-Pfalz</subfield>
    <subfield code="b">Landesamt fu&#776;r Soziales, Jugend und Versorgung - Landesjugendamt</subfield>
    <subfield code="A">GND</subfield>
    <subfield code="B">GND-950254126</subfield>
    <subfield code="C">410</subfield>
  </datafield>
  <datafield tag="GKT" ind1="2" ind2=" ">
    <subfield code="a">Landesamt fu&#776;r Soziales, Jugend und Versorgung - Landesjugendamt</subfield>
    <subfield code="g">Rheinland-Pfalz</subfield>
    <subfield code="A">GND</subfield>
    <subfield code="B">GND-950254126</subfield>
    <subfield code="C">410</subfield>
  </datafield>
  <datafield tag="GKT" ind1="1" ind2=" ">
    <subfield code="a">Rheinland-Pfalz</subfield>
    <subfield code="b">Landesamt fu&#776;r Soziales, Jugend und Versorgung</subfield>
    <subfield code="b">Referat Heimaufsicht</subfield>
    <subfield code="A">GND</subfield>
    <subfield code="B">GND-950254126</subfield>
    <subfield code="C">410</subfield>
  </datafield>
  <datafield tag="GSI" ind1="7" ind2=" ">
    <subfield code="a">http://d-nb.info/gnd/5198400-3</subfield>
    <subfield code="2">uri</subfield>
    <subfield code="A">GND</subfield>
    <subfield code="B">GND-950254126</subfield>
    <subfield code="C">024</subfield>
  </datafield>
</record>